<record><leader>00000nas a2200000 i 4500</leader><controlfield tag="001">921935742</controlfield><controlfield tag="006">m     o  d        </controlfield><controlfield tag="007">cr |||||||||||</controlfield><controlfield tag="008">150923d18451857dcudn neo     0   a0eng  </controlfield><datafield ind1=" " ind2=" " tag="010"><subfield code="a">  2015218861</subfield></datafield><datafield ind1=" " ind2=" " tag="040"><subfield code="a">DLC</subfield><subfield code="b">eng</subfield><subfield code="e">rda</subfield><subfield code="c">DLC</subfield></datafield><datafield ind1="0" ind2=" " tag="022"><subfield code="a">2381-0386</subfield><subfield code="2">1</subfield></datafield><datafield ind1=" " ind2=" " tag="042"><subfield code="a">pcc</subfield><subfield code="a">nsdp</subfield></datafield><datafield ind1=" " ind2=" " tag="043"><subfield code="a">n-us-dc</subfield></datafield><datafield ind1="1" ind2="0" tag="050"><subfield code="a">ISSN RECORD</subfield></datafield><datafield ind1="0" ind2="0" tag="082"><subfield code="a">071</subfield><subfield code="2">23</subfield></datafield><datafield ind1="0" ind2=" " tag="130"><subfield code="a">Daily union (Washington, D.C.)</subfield></datafield><datafield ind1=" " ind2="4" tag="222"><subfield code="a">The daily union</subfield><subfield code="b">(Washington, D.C. Online)</subfield></datafield><datafield ind1="1" ind2="4" tag="245"><subfield code="a">The daily union.</subfield></datafield><datafield ind1=" " ind2="1" tag="264"><subfield code="a">Washington [D.C.] :</subfield><subfield code="b">Thomas Ritchie &amp; John P. Heiss,</subfield><subfield code="c">1845-1857.</subfield></datafield><datafield ind1=" " ind2=" " tag="300"><subfield code="a">1 online resource</subfield></datafield><datafield ind1=" " ind2=" " tag="310"><subfield code="a">Daily (except Sunday and Monday),</subfield><subfield code="b">Feb. 19, 1856-1857</subfield></datafield><datafield ind1=" " ind2=" " tag="321"><subfield code="a">Daily (except Sunday),</subfield><subfield code="b">1845-Mar. 13, 1848</subfield></datafield><datafield ind1=" " ind2=" " tag="321"><subfield code="a">Daily (except Monday),</subfield><subfield code="b">Mar. 14, 1848-Feb. 16, 1856</subfield></datafield><datafield ind1=" " ind2=" " tag="336"><subfield code="a">text</subfield><subfield code="b">txt</subfield><subfield code="2">rdacontent</subfield></datafield><datafield ind1=" " ind2=" " tag="337"><subfield code="a">computer</subfield><subfield code="b">c</subfield><subfield code="2">rdamedia</subfield></datafield><datafield ind1=" " ind2=" " tag="338"><subfield code="a">online resource</subfield><subfield code="b">cr</subfield><subfield code="2">rdacarrier</subfield></datafield><datafield ind1="1" ind2=" " tag="362"><subfield code="a">Began with volume 1, number 1 (May 1, 1845); ceased with volume VI, number 310 (April 15, 1857).</subfield></datafield><datafield ind1=" " ind2=" " tag="500"><subfield code="a">Published morning and evening editions on Saturday, Feb. 19, 1856-1857.</subfield></datafield><datafield ind1=" " ind2=" " tag="500"><subfield code="a">Publisher varies: Thomas Ritchie, Nov. 5, 1848-May 31, 1849 ; Thomas Ritchie &amp; Edmund Burke, June 1, 1849-Apr. 15, 1851 ; A.J. Donelson and Robert Armstrong, Apr. 16, 1851-May 12, 1852 ; Robert Armstrong, May 13, 1852-Feb. 28, 1854 ; A.O.P. Nicholson, Mar. 1, 1854-Dec. 4, 1855 ; A.O.P. Nicholson &amp; J.W. Forney, Dec. 5, 1855-Mar. 27, 1856 ; A.O.P. Nicholson, Mar. 28, 1856-Mar. 5, 1857 ; John Appleton, Mar. 6-Apr. 15, 1857-</subfield></datafield><datafield ind1=" " ind2=" " tag="515"><subfield code="a">Numbering is irregular.</subfield></datafield><datafield ind1=" " ind2=" " tag="515"><subfield code="a">Volume numbering changed from v. 6 to v. 1 on Apr. 16, 1851, when the paper was sold to Andrew J. Donelson by Thomas Ritchie; on Apr. 16, 1857 original volume numbering resumed.</subfield></datafield><datafield ind1=" " ind2=" " tag="530"><subfield code="a">Also issued on microfilm from the Library of Congress, Photoduplication Service.</subfield></datafield><datafield ind1=" " ind2=" " tag="580"><subfield code="a">Campaign eds.: Campaign (Washington, D.C. : 1848), 1848-1849, and: Campaign (Washington, D.C. : 1852), 1852-1853.</subfield></datafield><datafield ind1=" " ind2=" " tag="588"><subfield code="a">Description based on: Volume 1, number 1 (May 1, 1845); title from masthead (Chroniclingamerica.loc.gov, viewed September 23, 2015).</subfield></datafield><datafield ind1=" " ind2=" " tag="588"><subfield code="a">Latest issue consulted: Volume VI, number 310 (April 15, 1857) (Chroniclingamerica.loc.gov, viewed September 23, 2015).</subfield></datafield><datafield ind1=" " ind2="0" tag="651"><subfield code="a">Washington (D.C.)</subfield><subfield code="v">Newspapers.</subfield></datafield><datafield ind1=" " ind2="7" tag="651"><subfield code="a">Washington (D.C.)</subfield><subfield code="2">fast</subfield><subfield code="0">(OCoLC)fst01204505</subfield></datafield><datafield ind1=" " ind2="7" tag="655"><subfield code="a">Newspapers.</subfield><subfield code="2">fast</subfield><subfield code="0">(OCoLC)fst01423814</subfield></datafield><datafield ind1=" " ind2=" " tag="752"><subfield code="a">United States</subfield><subfield code="b">District of Columbia</subfield><subfield code="d">Washington.</subfield></datafield><datafield ind1="0" ind2=" " tag="775"><subfield code="t">Weekly union (Washington, D.C.)</subfield></datafield><datafield ind1="0" ind2=" " tag="775"><subfield code="t">Semi-weekly union (Washington, D.C.)</subfield></datafield><datafield ind1="1" ind2=" " tag="775"><subfield code="t">Campaign (Washington, D.C. : 1848)</subfield></datafield><datafield ind1="1" ind2=" " tag="775"><subfield code="t">Campaign (Washington, D.C. : 1852)</subfield></datafield><datafield ind1="0" ind2="8" tag="776"><subfield code="i">Originally issued in print:</subfield><subfield code="t">Daily union (Washington, D.C.)</subfield><subfield code="x">2381-0378</subfield><subfield code="w">(DLC)sn 82003410</subfield><subfield code="w">(OCoLC)8770145</subfield></datafield><datafield ind1="0" ind2="0" tag="780"><subfield code="t">Daily globe (Washington, D.C. : 1844)</subfield></datafield><datafield ind1="0" ind2="0" tag="785"><subfield code="t">Washington union (Washington, D.C. : 1857 : Daily)</subfield></datafield><datafield ind1="4" ind2="0" tag="856"><subfield code="u">http://www.loc.gov/chroniclingamerica/lccn/sn82003410/issues</subfield></datafield></record>